%% This BibTeX bibliography file was created using BibDesk.
%% http://bibdesk.sourceforge.net/

%% Saved with string encoding Unicode (UTF-8) 
%%%%%%%%%%%%%%%%%%%%%%%%%% Intro papers %%%%%%%%%%%%%%%%%%%%%%%%%%%%%%%
@article{stim,
author = { Frederick H.   Mies },
title = {Stimulated emission and population inversion in diatomic bound-continuum transitions},
journal = {Molecular Physics},
volume = {26},
number = {5},
pages = {1233-1246},
year = {1973},
doi = {10.1080/00268977300102431},

URL = { 
        http://dx.doi.org/10.1080/00268977300102431
    
},
eprint = { 
        http://dx.doi.org/10.1080/00268977300102431
    
}

}


@article{Gross1982301,
title = "Superradiance: An essay on the theory of collective spontaneous emission ",
journal = "Physics Reports ",
volume = "93",
number = "5",
pages = "301 - 396",
year = "1982",
note = "",
issn = "0370-1573",
doi = "https://doi.org/10.1016/0370-1573(82)90102-8",
url = "http://www.sciencedirect.com/science/article/pii/0370157382901028",
author = "M. Gross and S. Haroche",
abstract = "This essay presents a theoretical description of the superradiance phenomenon, in which both the quantal and the classical aspects are discussed. Starting from the simple two-level atom-small sample Dicke model, we successively introduce various complications inherent to a realistic superradiance experiment: effects of Van der Waals interaction between the atoms, propagation and diffraction of the electromagnetic field in the sample and finally the effects related to atomic level degeneracy or near degeneracy. We recall how to calculate the field radiated by a superradiant system in a single experiment and how to determine, for a series of identically prepared superradiant samples, the large shot to shot fluctuations of the emitted light properties. The presentation tries to unify various points of view and formalisms developed in previous works and to introduce simply and progressively the basic physical concepts relevant to the superradiance phenomenon. "
}

@book{benedict1996super,
  title={Super-radiance: Multiatomic Coherent Emission},
  author={Benedict, M.G.},
  isbn={9780750302838},
  lccn={96031132},
  series={Series in Optics and Optoelectronics},
  url={https://books.google.co.il/books?id=kTX\_FErjVLsC},
  year={1996},
  publisher={Taylor \& Francis}
}

@article{Zwicky:1937zza,
      author         = "Zwicky, F.",
      title          = "{On the Masses of Nebulae and of Clusters of Nebulae}",
      journal        = "Astrophys. J.",
      volume         = "86",
      year           = "1937",
      pages          = "217-246",
      doi            = "10.1086/143864",
      SLACcitation   = "%%CITATION = ASJOA,86,217;%%"
}



@article{Planck,
      author         = "Ade, P. A. R. and others",
      title          = "{Planck 2015 results. XIII. Cosmological parameters}",
      collaboration  = "Planck",
      journal        = "Astron. Astrophys.",
      volume         = "594",
      year           = "2016",
      pages          = "A13",
      doi            = "10.1051/0004-6361/201525830",
      eprint         = "1502.01589",
      archivePrefix  = "arXiv",
      primaryClass   = "astro-ph.CO",
      SLACcitation   = "%%CITATION = ARXIV:1502.01589;%%"
}

@article{FermiLAT:2011ab,
      author         = "Ackermann, M. and others",
      title          = "{Measurement of separate cosmic-ray electron and positron
                        spectra with the Fermi Large Area Telescope}",
      collaboration  = "Fermi-LAT",
      journal        = "Phys. Rev. Lett.",
      volume         = "108",
      year           = "2012",
      pages          = "011103",
      doi            = "10.1103/PhysRevLett.108.011103",
      eprint         = "1109.0521",
      archivePrefix  = "arXiv",
      primaryClass   = "astro-ph.HE",
      SLACcitation   = "%%CITATION = ARXIV:1109.0521;%%"
}


@article{AMS,
      author         = "Aguilar, M. and others",
      title          = "{First Result from the Alpha Magnetic Spectrometer on the
                        International Space Station: Precision Measurement of the
                        Positron Fraction in Primary Cosmic Rays of 0.5–350
                        GeV}",
      collaboration  = "AMS",
      journal        = "Phys. Rev. Lett.",
      volume         = "110",
      year           = "2013",
      pages          = "141102",
      doi            = "10.1103/PhysRevLett.110.141102",
      SLACcitation   = "%%CITATION = PRLTA,110,141102;%%"
}

@article{IceCube,
      author         = "Aartsen, M. G. and others",
      title          = "{Improved limits on dark matter annihilation in the Sun
                        with the 79-string IceCube detector and implications for
                        supersymmetry}",
      collaboration  = "IceCube",
      journal        = "JCAP",
      volume         = "1604",
      year           = "2016",
      number         = "04",
      pages          = "022",
      doi            = "10.1088/1475-7516/2016/04/022",
      eprint         = "1601.00653",
      archivePrefix  = "arXiv",
      primaryClass   = "hep-ph",
      SLACcitation   = "%%CITATION = ARXIV:1601.00653;%%"
}

@article{AtlasDM,
      author         = "Aaboud, Morad and others",
      title          = "{Search for dark matter at $\sqrt{s}=13$ TeV in final
                        states containing an energetic photon and large missing
                        transverse momentum with the ATLAS detector}",
      collaboration  = "ATLAS",
      journal        = "Eur. Phys. J.",
      volume         = "C77",
      year           = "2017",
      number         = "6",
      pages          = "393",
      doi            = "10.1140/epjc/s10052-017-4965-8",
      eprint         = "1704.03848",
      archivePrefix  = "arXiv",
      primaryClass   = "hep-ex",
      reportNumber   = "CERN-EP-2017-044",
      SLACcitation   = "%%CITATION = ARXIV:1704.03848;%%"
}

@article{CmsDM,
      author         = "Sirunyan, Albert M and others",
      title          = "{Search for dark matter produced with an energetic jet or
                        a hadronically decaying W or Z boson at $ \sqrt{s}=13 $
                        TeV}",
      collaboration  = "CMS",
      journal        = "JHEP",
      volume         = "07",
      year           = "2017",
      pages          = "014",
      doi            = "10.1007/JHEP07(2017)014",
      eprint         = "1703.01651",
      archivePrefix  = "arXiv",
      primaryClass   = "hep-ex",
      reportNumber   = "CMS-EXO-16-037, CERN-EP-2017-031",
      SLACcitation   = "%%CITATION = ARXIV:1703.01651;%%"
}
@article{Rubin:1970zza,
      author         = "Rubin, Vera C. and Ford, Jr., W. Kent",
      title          = "{Rotation of the Andromeda Nebula from a Spectroscopic
                        Survey of Emission Regions}",
      journal        = "Astrophys. J.",
      volume         = "159",
      year           = "1970",
      pages          = "379-403",
      doi            = "10.1086/150317",
      SLACcitation   = "%%CITATION = ASJOA,159,379;%%"
}
@article{Rubin:1980zd,
      author         = "Rubin, V. C. and Thonnard, N. and Ford, Jr., W. K.",
      title          = "{Rotational properties of 21 SC galaxies with a large
                        range of luminosities and radii, from NGC 4605 /R = 4kpc/
                        to UGC 2885 /R = 122 kpc/}",
      journal        = "Astrophys. J.",
      volume         = "238",
      year           = "1980",
      pages          = "471",
      doi            = "10.1086/158003",
      SLACcitation   = "%%CITATION = ASJOA,238,471;%%"
}
@article{Undagoitia:2015gya,
      author         = "Marrodán Undagoitia, Teresa and Rauch, Ludwig",
      title          = "{Dark matter direct-detection experiments}",
      journal        = "J. Phys.",
      volume         = "G43",
      year           = "2016",
      number         = "1",
      pages          = "013001",
      doi            = "10.1088/0954-3899/43/1/013001",
      eprint         = "1509.08767",
      archivePrefix  = "arXiv",
      primaryClass   = "physics.ins-det",
      SLACcitation   = "%%CITATION = ARXIV:1509.08767;%%"
}


@online{AMS02,
	title = {AMS-02 collaboration website},
	url = {http://www.quantumdiaries.org/tag/ams/}
	}

@article{Bird:2016dcv,
      author         = "Bird, Simeon and Cholis, Ilias and Muñoz, Julian B. and
                        Ali-Haïmoud, Yacine and Kamionkowski, Marc and Kovetz,
                        Ely D. and Raccanelli, Alvise and Riess, Adam G.",
      title          = "{Did LIGO detect dark matter?}",
      journal        = "Phys. Rev. Lett.",
      volume         = "116",
      year           = "2016",
      number         = "20",
      pages          = "201301",
      doi            = "10.1103/PhysRevLett.116.201301",
      eprint         = "1603.00464",
      archivePrefix  = "arXiv",
      primaryClass   = "astro-ph.CO",
      SLACcitation   = "%%CITATION = ARXIV:1603.00464;%%"
}


@article{Begeman:1991iy,
      author         = "Begeman, K. G. and Broeils, A. H. and Sanders, R. H.",
      title          = "{Extended rotation curves of spiral galaxies: Dark haloes
                        and modified dynamics}",
      journal        = "Mon. Not. Roy. Astron. Soc.",
      volume         = "249",
      year           = "1991",
      pages          = "523",
      SLACcitation   = "%%CITATION = MNRAA,249,523;%%"
}

@article{Einstein:1956zz,
      author         = "Einstein, Albert",
      title          = "{Lens-Like Action of a Star by the Deviation of Light in
                        the Gravitational Field}",
      journal        = "Science",
      volume         = "84",
      year           = "1936",
      pages          = "506-507",
      doi            = "10.1126/science.84.2188.506",
      SLACcitation   = "%%CITATION = SCIEA,84,506;%%"
}

@article{Ferreras:2007na,
      author         = "Ferreras, Ignacio and Saha, Prasenjit and Burles, Scott",
      title          = "{Unveiling dark halos in lensing galaxies}",
      journal        = "Mon. Not. Roy. Astron. Soc.",
      volume         = "383",
      year           = "2008",
      pages          = "857",
      doi            = "10.1111/j.1365-2966.2007.12606.x",
      eprint         = "0710.3159",
      archivePrefix  = "arXiv",
      primaryClass   = "astro-ph",
      SLACcitation   = "%%CITATION = ARXIV:0710.3159;%%"
}


@article{Gavazzi:2007vw,
      author         = "Gavazzi, Raphael and Treu, Tommaso and Rhodes, Jason D.
                        and Koopmans, Leon Ve and Bolton, Adam S. and Burles,
                        Scott and Massey, Richard and Moustakas, Leonidas A.",
      title          = "{The Sloan Lens ACS Survey. 4. The mass density profile
                        of early-type galaxies out to 100 effective radii}",
      journal        = "Astrophys. J.",
      volume         = "667",
      year           = "2007",
      pages          = "176-190",
      doi            = "10.1086/519237",
      eprint         = "astro-ph/0701589",
      archivePrefix  = "arXiv",
      primaryClass   = "astro-ph",
      SLACcitation   = "%%CITATION = ASTRO-PH/0701589;%%"
}

@article{Kaiser:1992ps,
      author         = "Kaiser, Nick and Squires, Gordon",
      title          = "{Mapping the dark matter with weak gravitational
                        lensing}",
      journal        = "Astrophys. J.",
      volume         = "404",
      year           = "1993",
      pages          = "441-450",
      doi            = "10.1086/172297",
      reportNumber   = "CITA-92-12",
      SLACcitation   = "%%CITATION = ASJOA,404,441;%%"
}
@article{Clowe:2006eq,
      author         = "Clowe, Douglas and Bradac, Marusa and Gonzalez, Anthony
                        H. and Markevitch, Maxim and Randall, Scott W. and Jones,
                        Christine and Zaritsky, Dennis",
      title          = "{A direct empirical proof of the existence of dark matter}",
      journal        = "Astrophys. J.",
      volume         = "648",
      year           = "2006",
      pages          = "L109-L113",
      doi            = "10.1086/508162",
      eprint         = "astro-ph/0608407",
      archivePrefix  = "arXiv",
      primaryClass   = "astro-ph",
      reportNumber   = "SLAC-PUB-12078",
      SLACcitation   = "%%CITATION = ASTRO-PH/0608407;%%"
}

@article{Randall:2007ph,
      author         = "Randall, Scott W. and Markevitch, Maxim and Clowe,
                        Douglas and Gonzalez, Anthony H. and Bradac, Marusa",
      title          = "{Constraints on the Self-Interaction Cross-Section of
                        Dark Matter from Numerical Simulations of the Merging
                        Galaxy Cluster 1E 0657-56}",
      journal        = "Astrophys. J.",
      volume         = "679",
      year           = "2008",
      pages          = "1173-1180",
      doi            = "10.1086/587859",
      eprint         = "0704.0261",
      archivePrefix  = "arXiv",
      primaryClass   = "astro-ph",
      SLACcitation   = "%%CITATION = ARXIV:0704.0261;%%"
}


@article{Peccei:1977hh,
      author         = "Peccei, R. D. and Quinn, Helen R.",
      title          = "{CP Conservation in the Presence of Instantons}",
      journal        = "Phys. Rev. Lett.",
      volume         = "38",
      year           = "1977",
      pages          = "1440-1443",
      doi            = "10.1103/PhysRevLett.38.1440",
      reportNumber   = "ITP-568-STANFORD",
      SLACcitation   = "%%CITATION = PRLTA,38,1440;%%"
}

@article{Jedamzik:2009uy,
      author         = "Jedamzik, Karsten and Pospelov, Maxim",
      title          = "{Big Bang Nucleosynthesis and Particle Dark Matter}",
      journal        = "New J. Phys.",
      volume         = "11",
      year           = "2009",
      pages          = "105028",
      doi            = "10.1088/1367-2630/11/10/105028",
      eprint         = "0906.2087",
      archivePrefix  = "arXiv",
      primaryClass   = "hep-ph",
      SLACcitation   = "%%CITATION = ARXIV:0906.2087;%%"
}

@article{Pospelov:2005pr,
      author         = "Pospelov, Maxim and Ritz, Adam",
      title          = "{Electric dipole moments as probes of new physics}",
      journal        = "Annals Phys.",
      volume         = "318",
      year           = "2005",
      pages          = "119-169",
      doi            = "10.1016/j.aop.2005.04.002",
      eprint         = "hep-ph/0504231",
      archivePrefix  = "arXiv",
      primaryClass   = "hep-ph",
      SLACcitation   = "%%CITATION = HEP-PH/0504231;%%"
}

@article{Baker:2006ts,
      author         = "Baker, C. A. and others",
      title          = "{An Improved experimental limit on the electric dipole
                        moment of the neutron}",
      journal        = "Phys. Rev. Lett.",
      volume         = "97",
      year           = "2006",
      pages          = "131801",
      doi            = "10.1103/PhysRevLett.97.131801",
      eprint         = "hep-ex/0602020",
      archivePrefix  = "arXiv",
      primaryClass   = "hep-ex",
      SLACcitation   = "%%CITATION = HEP-EX/0602020;%%"
}

@article{Kim:1979if,
      author         = "Kim, Jihn E.",
      title          = "{Weak Interaction Singlet and Strong CP Invariance}",
      journal        = "Phys. Rev. Lett.",
      volume         = "43",
      year           = "1979",
      pages          = "103",
      doi            = "10.1103/PhysRevLett.43.103",
      reportNumber   = "UPR-0120T",
      SLACcitation   = "%%CITATION = PRLTA,43,103;%%"
}

@article{Akerib:2017uem,
      author         = "Akerib, D. S. and others",
      title          = "{First Searches for Axions and Axionlike Particles with
                        the LUX Experiment}",
      collaboration  = "LUX",
      journal        = "Phys. Rev. Lett.",
      volume         = "118",
      year           = "2017",
      number         = "26",
      pages          = "261301",
      doi            = "10.1103/PhysRevLett.118.261301",
      eprint         = "1704.02297",
      archivePrefix  = "arXiv",
      primaryClass   = "astro-ph.CO",
      SLACcitation   = "%%CITATION = ARXIV:1704.02297;%%"
}

@article{PBH,
author = {Hawking, Stephen},
title = {Gravitationally Collapsed Objects of Very Low Mass},
journal = {Monthly Notices of the Royal Astronomical Society},
volume = {152},
number = {1},
pages = {75-78},
year = {1971},
doi = {10.1093/mnras/152.1.75}
}

@article{Carr:2016drx,
      author         = "Carr, Bernard and Kuhnel, Florian and Sandstad, Marit",
      title          = "{Primordial Black Holes as Dark Matter}",
      journal        = "Phys. Rev.",
      volume         = "D94",
      year           = "2016",
      number         = "8",
      pages          = "083504",
      doi            = "10.1103/PhysRevD.94.083504",
      eprint         = "1607.06077",
      archivePrefix  = "arXiv",
      primaryClass   = "astro-ph.CO",
      reportNumber   = "NORDITA-2016-83",
      SLACcitation   = "%%CITATION = ARXIV:1607.06077;%%"
}

@article{MacGibbon:1987my,
      author         = "MacGibbon, Jane H.",
      title          = "{Can Planck-mass relics of evaporating black holes close
                        the universe?}",
      journal        = "Nature",
      volume         = "329",
      year           = "1987",
      pages          = "308-309",
      doi            = "10.1038/329308a0",
      SLACcitation   = "%%CITATION = NATUA,329,308;%%"
}

@article{Ricotti:2007au,
      author         = "Ricotti, Massimo and Ostriker, Jeremiah P. and Mack,
                        Katherine J.",
      title          = "{Effect of Primordial Black Holes on the Cosmic Microwave
                        Background and Cosmological Parameter Estimates}",
      journal        = "Astrophys. J.",
      volume         = "680",
      year           = "2008",
      pages          = "829",
      doi            = "10.1086/587831",
      eprint         = "0709.0524",
      archivePrefix  = "arXiv",
      primaryClass   = "astro-ph",
      SLACcitation   = "%%CITATION = ARXIV:0709.0524;%%"
}


@article{Milgrom:1983ca,
      author         = "Milgrom, M.",
      title          = "{A Modification of the Newtonian dynamics as a possible
                        alternative to the hidden mass hypothesis}",
      journal        = "Astrophys. J.",
      volume         = "270",
      year           = "1983",
      pages          = "365-370",
      doi            = "10.1086/161130",
      SLACcitation   = "%%CITATION = ASJOA,270,365;%%"
}


@article{Bekenstein:2009bd,
      author         = "Bekenstein, Jacob D.",
      title          = "{Relativistic MOND as an alternative to the dark matter
                        paradigm}",
      booktitle      = "{Particles and nuclei. Proceedings, 18th International
                        Conference, PANIC08, Eilat, Israel, November 9-14, 2008}",
      journal        = "Nucl. Phys.",
      volume         = "A827",
      year           = "2009",
      pages          = "555C-560C",
      doi            = "10.1016/j.nuclphysa.2009.05.122",
      note           = "[,937(2009)]",
      eprint         = "0901.1524",
      archivePrefix  = "arXiv",
      primaryClass   = "astro-ph.CO",
      SLACcitation   = "%%CITATION = ARXIV:0901.1524;%%"
}


@article{Jungman:1995df,
      author         = "Jungman, Gerard and Kamionkowski, Marc and Griest, Kim",
      title          = "{Supersymmetric dark matter}",
      journal        = "Phys. Rept.",
      volume         = "267",
      year           = "1996",
      pages          = "195-373",
      doi            = "10.1016/0370-1573(95)00058-5",
      eprint         = "hep-ph/9506380",
      archivePrefix  = "arXiv",
      primaryClass   = "hep-ph",
      reportNumber   = "SU-4240-605, UCSD-PTH-95-02, IASSNS-HEP-95-14, CU-TP-677",
      SLACcitation   = "%%CITATION = HEP-PH/9506380;%%"
}

@article{Steigman:1984ac,
      author         = "Steigman, Gary and Turner, Michael S.",
      title          = "{Cosmological Constraints on the Properties of Weakly
                        Interacting Massive Particles}",
      journal        = "Nucl. Phys.",
      volume         = "B253",
      year           = "1985",
      pages          = "375-386",
      doi            = "10.1016/0550-3213(85)90537-1",
      reportNumber   = "FERMILAB-PUB-84-110-A, BA-84-33",
      SLACcitation   = "%%CITATION = NUPHA,B253,375;%%"
}

@article{Lowette:2016orb,
      author         = "Lowette, Steven",
      title          = "{Accelerator searches for new physics in the context of
                        dark matter}",
      booktitle      = "{Proceedings, 14th International Conference on Topics in
                        Astroparticle and Underground Physics (TAUP 2015): Torino,
                        Italy, September 7-11, 2015}",
      journal        = "J. Phys. Conf. Ser.",
      volume         = "718",
      year           = "2016",
      number         = "2",
      pages          = "022011",
      doi            = "10.1088/1742-6596/718/2/022011",
      SLACcitation   = "%%CITATION = 00462,718,022011;%%"
}


@inproceedings{Conrad:2014tla,
      author         = "Conrad, Jan",
      title          = "{Indirect Detection of WIMP Dark Matter: a compact
                        review}",
      booktitle      = "{Interplay between Particle and Astroparticle physics
                        (IPA2014) London, United Kingdom, August 18-22, 2014}",
      url            = "http://inspirehep.net/record/1326617/files/arXiv:1411.1925.pdf",
      year           = "2014",
      eprint         = "1411.1925",
      archivePrefix  = "arXiv",
      primaryClass   = "hep-ph",
      SLACcitation   = "%%CITATION = ARXIV:1411.1925;%%"
}

@article{Aguilar:2013qda,
      author         = "Aguilar, M. and others",
      title          = "{First Result from the Alpha Magnetic Spectrometer on the
                        International Space Station: Precision Measurement of the
                        Positron Fraction in Primary Cosmic Rays of 0.5–350
                        GeV}",
      collaboration  = "AMS",
      journal        = "Phys. Rev. Lett.",
      volume         = "110",
      year           = "2013",
      pages          = "141102",
      doi            = "10.1103/PhysRevLett.110.141102",
      SLACcitation   = "%%CITATION = PRLTA,110,141102;%%"
}

@article{Billard:2013qya,
      author         = "Billard, J. and Strigari, L. and Figueroa-Feliciano, E.",
      title          = "{Implication of neutrino backgrounds on the reach of next
                        generation dark matter direct detection experiments}",
      journal        = "Phys. Rev.",
      volume         = "D89",
      year           = "2014",
      number         = "2",
      pages          = "023524",
      doi            = "10.1103/PhysRevD.89.023524",
      eprint         = "1307.5458",
      archivePrefix  = "arXiv",
      primaryClass   = "hep-ph",
      SLACcitation   = "%%CITATION = ARXIV:1307.5458;%%"
}

@article{Lippincott:2008ad,
      author         = "Lippincott, W. H. and Coakley, K. J. and Gastler, D. and
                        Hime, A. and Kearns, E. and McKinsey, D. N. and Nikkel, J.
                        A. and Stonehill, L. C.",
      title          = "{Scintillation time dependence and pulse shape
                        discrimination in liquid argon}",
      journal        = "Phys. Rev.",
      volume         = "C78",
      year           = "2008",
      pages          = "035801",
      doi            = "10.1103/PhysRevC.81.039901, 10.1103/PhysRevC.78.035801",
      note           = "[Erratum: Phys. Rev.C81,039901(2010)]",
      eprint         = "0801.1531",
      archivePrefix  = "arXiv",
      primaryClass   = "nucl-ex",
      SLACcitation   = "%%CITATION = ARXIV:0801.1531;%%"
}


@article{Chepel:2012sj,
      author         = "Chepel, V. and Araujo, H.",
      title          = "{Liquid noble gas detectors for low energy particle
                        physics}",
      journal        = "JINST",
      volume         = "8",
      year           = "2013",
      pages          = "R04001",
      doi            = "10.1088/1748-0221/8/04/R04001",
      eprint         = "1207.2292",
      archivePrefix  = "arXiv",
      primaryClass   = "physics.ins-det",
      SLACcitation   = "%%CITATION = ARXIV:1207.2292;%%"
}


@article{Blum:2013zsa,
      author         = "Blum, Kfir and Katz, Boaz and Waxman, Eli",
      title          = "{AMS-02 Results Support the Secondary Origin of Cosmic
                        Ray Positrons}",
      journal        = "Phys. Rev. Lett.",
      volume         = "111",
      year           = "2013",
      number         = "21",
      pages          = "211101",
      doi            = "10.1103/PhysRevLett.111.211101",
      eprint         = "1305.1324",
      archivePrefix  = "arXiv",
      primaryClass   = "astro-ph.HE",
      SLACcitation   = "%%CITATION = ARXIV:1305.1324;%%"
}


@article{Achterberg:2006md,
      author         = "Achterberg, A. and others",
      title          = "{First Year Performance of The IceCube Neutrino
                        Telescope}",
      collaboration  = "IceCube",
      journal        = "Astropart. Phys.",
      volume         = "26",
      year           = "2006",
      pages          = "155-173",
      doi            = "10.1016/j.astropartphys.2006.06.007",
      eprint         = "astro-ph/0604450",
      archivePrefix  = "arXiv",
      primaryClass   = "astro-ph",
      SLACcitation   = "%%CITATION = ASTRO-PH/0604450;%%"
}

@article{Collaboration:2011nsa,
      author         = "Ageron, M. and others",
      title          = "{ANTARES: the first undersea neutrino telescope}",
      collaboration  = "ANTARES",
      journal        = "Nucl. Instrum. Meth.",
      volume         = "A656",
      year           = "2011",
      pages          = "11-38",
      doi            = "10.1016/j.nima.2011.06.103",
      eprint         = "1104.1607",
      archivePrefix  = "arXiv",
      primaryClass   = "astro-ph.IM",
      SLACcitation   = "%%CITATION = ARXIV:1104.1607;%%"
}


@article{Feldstein:2009tr,
      author         = "Feldstein, Brian and Fitzpatrick, A. Liam and Katz,
                        Emanuel",
      title          = "{Form Factor Dark Matter}",
      journal        = "JCAP",
      volume         = "1001",
      year           = "2010",
      pages          = "020",
      doi            = "10.1088/1475-7516/2010/01/020",
      eprint         = "0908.2991",
      archivePrefix  = "arXiv",
      primaryClass   = "hep-ph",
      SLACcitation   = "%%CITATION = ARXIV:0908.2991;%%"
}


@article{DeSimone:2016fbz,
      author         = "De Simone, Andrea and Jacques, Thomas",
      title          = "{Simplified models vs. effective field theory approaches
                        in dark matter searches}",
      journal        = "Eur. Phys. J.",
      volume         = "C76",
      year           = "2016",
      number         = "7",
      pages          = "367",
      doi            = "10.1140/epjc/s10052-016-4208-4",
      eprint         = "1603.08002",
      archivePrefix  = "arXiv",
      primaryClass   = "hep-ph",
      reportNumber   = "SISSA-21-2016-FISI",
      SLACcitation   = "%%CITATION = ARXIV:1603.08002;%%"
}


@article{WMAP:9years,
      author         = "Bennett, C. L. and others",
      title          = "{Nine-Year Wilkinson Microwave Anisotropy Probe (WMAP)
                        Observations: Final Maps and Results}",
      collaboration  = "WMAP",
      journal        = "Astrophys. J. Suppl.",
      volume         = "208",
      year           = "2013",
      pages          = "20",
      doi            = "10.1088/0067-0049/208/2/20",
      eprint         = "1212.5225",
      archivePrefix  = "arXiv",
      primaryClass   = "astro-ph.CO",
      SLACcitation   = "%%CITATION = ARXIV:1212.5225;%%"
}

@article{LEWIN,
      author         = "Lewin, J. D. and Smith, P. F.",
      title          = "{Review of mathematics, numerical factors, and
                        corrections for dark matter experiments based on elastic nuclear recoil}",
      journal        = "Astropart. Phys.",
      volume         = "6",
      year           = "1996",
      pages          = "87-112",
      doi            = "10.1016/S0927-6505(96)00047-3",
      reportNumber   = "RAL-TR-95-024",
      SLACcitation   = "%%CITATION = APHYE,6,87;%%"
}
@article {Harvey1462,
      author         = "Harvey, David and Massey, Richard and Kitching, Thomas
                        and Taylor, Andy and Tittley, Eric",
      title          = "{The non-gravitational interactions of dark matter in
                        colliding galaxy clusters}",
      journal        = "Science",
      volume         = "347",
      year           = "2015",
      pages          = "1462-1465",
      doi            = "10.1126/science.1261381",
      eprint         = "1503.07675",
      archivePrefix  = "arXiv",
      primaryClass   = "astro-ph.CO",
      SLACcitation   = "%%CITATION = ARXIV:1503.07675;%%"
}

@Article{DAMA,
      author         = "Bernabei, R. and others",
      title          = "{New results from DAMA/LIBRA}",
      collaboration  = "DAMA, LIBRA",
      journal        = "Eur. Phys. J.",
      volume         = "C67",
      year           = "2010",
      pages          = "39-49",
      doi            = "10.1140/epjc/s10052-010-1303-9",
      eprint         = "1002.1028",
      archivePrefix  = "arXiv",
      primaryClass   = "astro-ph.GA",
      SLACcitation   = "%%CITATION = ARXIV:1002.1028;%%"
}
@article{COGENT,
      author         = "Aalseth, C. E. and others",
      title          = "{CoGeNT: A Search for Low-Mass Dark Matter using p-type
                        Point Contact Germanium Detectors}",
      collaboration  = "CoGeNT",
      journal        = "Phys. Rev.",
      volume         = "D88",
      year           = "2013",
      pages          = "012002",
      doi            = "10.1103/PhysRevD.88.012002",
      eprint         = "1208.5737",
      archivePrefix  = "arXiv",
      primaryClass   = "astro-ph.CO",
      SLACcitation   = "%%CITATION = ARXIV:1208.5737;%%"
}
@article{CDMSlite,
  title = {Search for Low-Mass Weakly Interacting Massive Particles Using Voltage-Assisted Calorimetric Ionization Detection in the SuperCDMS Experiment},
  author = {Agnese, R. and others},
  collaboration = {SuperCDMS collaboration},
  journal = {Phys. Rev. Lett.},
  volume = {112},
  issue = {4},
  pages = {041302},
  numpages = {6},
  year = {2014},
  month = {Jan},
  publisher = {American Physical Society},
  doi = {10.1103/PhysRevLett.112.041302},
}

@Article{CREST,
      author         = "Angloher, G. and others",
      title          = "{Results from 730 kg days of the CRESST-II Dark Matter
                        Search}",
      journal        = "Eur. Phys. J.",
      volume         = "C72",
      year           = "2012",
      pages          = "1971",
      doi            = "10.1140/epjc/s10052-012-1971-8",
      eprint         = "1109.0702",
      archivePrefix  = "arXiv",
      primaryClass   = "astro-ph.CO",
      SLACcitation   = "%%CITATION = ARXIV:1109.0702;%%"
}

@article{LUXnew,
      author         = "Akerib, D. S. and others",
      title          = "{Improved Limits on Scattering of Weakly Interacting
                        Massive Particles from Reanalysis of 2013 LUX Data}",
      collaboration  = "LUX",
      journal        = "Phys. Rev. Lett.",
      volume         = "116",
      year           = "2016",
      number         = "16",
      pages          = "161301",
      doi            = "10.1103/PhysRevLett.116.161301",
      eprint         = "1512.03506",
      archivePrefix  = "arXiv",
      primaryClass   = "astro-ph.CO",
      SLACcitation   = "%%CITATION = ARXIV:1512.03506;%%"
}

@article{PANDAX,
      author         = "Tan, Andi and others",
      title          = "{Dark Matter Results from First 98.7 Days of Data from
                        the PandaX-II Experiment}",
      collaboration  = "PandaX-II",
      journal        = "Phys. Rev. Lett.",
      volume         = "117",
      year           = "2016",
      number         = "12",
      pages          = "121303",
      doi            = "10.1103/PhysRevLett.117.121303",
      eprint         = "1607.07400",
      archivePrefix  = "arXiv",
      primaryClass   = "hep-ex",
      SLACcitation   = "%%CITATION = ARXIV:1607.07400;%%"
}
@book{Bertone:2010zza,
      author         = "J. Silk and others",
      title          = "{Particle Dark Matter: Observations, Models and
                        Searches}",
      publisher      = "Cambridge Univ. Press",
      address        = "Cambridge",
      year           = "2010",
      doi            = "10.1017/CBO9780511770739",
      ISBN           = "9781107653924",
      SLACcitation   = "%%CITATION = INSPIRE-895273;%%"
}

@article{Muna:2007zz,
      author         = "Muna, D.",
      title          = "{The DRIFT-II directional dark matter detector}",
      booktitle      = "{Dark matter 2006, proceedings of the 7th UCLA Symposium
                        on Sources and Detection of Dark Matter and Dark Energy in
                        the Universe, Marina del Rey, CA, USA, 22-24 February
                        2006}",
      collaboration  = "DRIFT Dark Matter",
      journal        = "Nucl. Phys. Proc. Suppl.",
      volume         = "173",
      year           = "2007",
      pages          = "172-175",
      doi            = "10.1016/j.nuclphysbps.2007.08.151",
      SLACcitation   = "%%CITATION = NUPHZ,173,172;%%"
}

@article{Lewis:2002mfa,
      author         = "Lewis, Aaron D. and Buote, David A. and Stocke, John T.",
      title          = "{Chandra observations of Abell 2029: The Dark matter
                        profile at < 0.01 R(VIR) in an unusually relaxed cluster}",
      journal        = "Astrophys. J.",
      volume         = "586",
      year           = "2003",
      pages          = "135-142",
      doi            = "10.1086/367556",
      eprint         = "astro-ph/0209205",
      archivePrefix  = "arXiv",
      primaryClass   = "astro-ph",
      SLACcitation   = "%%CITATION = ASTRO-PH/0209205;%%"
}


@article{Deaconu:2017vam,
      author         = "Deaconu, Cosmin and Leyton, Michael and Corliss, Ross and
                        Druitt, Gabriela and Eggleston, Richard and Guerrero,
                        Natalia and Henderson, Shawn and Lopez, Jeremy and Monroe,
                        Jocelyn and Fisher, Peter",
      title          = "{Measurement of the directional sensitivity of Dark
                        Matter Time Projection Chamber detectors}",
      journal        = "Phys. Rev.",
      volume         = "D95",
      year           = "2017",
      number         = "12",
      pages          = "122002",
      doi            = "10.1103/PhysRevD.95.122002",
      eprint         = "1705.05965",
      archivePrefix  = "arXiv",
      primaryClass   = "astro-ph.IM",
      SLACcitation   = "%%CITATION = ARXIV:1705.05965;%%"
}

@article{Riffard:2016mgw,
      author         = "Riffard, Q. and others",
      title          = "{MIMAC low energy electron-recoil discrimination measured
                        with fast neutrons}",
      journal        = "JINST",
      volume         = "11",
      year           = "2016",
      number         = "08",
      pages          = "P08011",
      doi            = "10.1088/1748-0221/11/08/P08011",
      eprint         = "1602.01738",
      archivePrefix  = "arXiv",
      primaryClass   = "astro-ph.IM",
      SLACcitation   = "%%CITATION = ARXIV:1602.01738;%%"
}

@article{Yakabe:2016pjh,
      author         = "Yakabe, Ryota and Yamaguchi, Yushiro and Miuchi, Kentaro
                        and Nakamura, Kiseki and Nakaura, Shota and Hashimoto,
                        Takashi and Ikeda, Tomonori and Taishaku, Ryosuke",
      title          = "{Direction-Sensitive Dark Matter Search Using Micro
                        Time-Projection-Chamber}",
      booktitle      = "{Proceedings, 1st International Symposium on Radiation
                        Detectors and Their Uses (ISRD2016): Tsukuba, Japan,
                        January 18-21, 2016}",
      journal        = "JPS Conf. Proc.",
      volume         = "11",
      year           = "2016",
      pages          = "040002",
      doi            = "10.7566/JPSCP.11.040002",
      SLACcitation   = "%%CITATION = INSPIRE-1506496;%%"
}

@article{InelasticIntro,
      author         = "Tucker-Smith, David and Weiner, Neal",
      title          = "{Inelastic dark matter}",
      journal        = "Phys. Rev.",
      volume         = "D64",
      year           = "2001",
      pages          = "043502",
      eprint         = "hep-ph/0101138",
      archivePrefix  = "arXiv",
      primaryClass   = "hep-ph",
      reportNumber   = "UCB-PTH-00-43, LBNL-47234, UW-PT-00-17",
      SLACcitation   = "%%CITATION = HEP-PH/0101138;%%"
}

@article{Chang:2009yt,
      author         = "Chang, Spencer and Pierce, Aaron and Weiner, Neal",
      title          = "{Momentum Dependent Dark Matter Scattering}",
      journal        = "JCAP",
      volume         = "1001",
      year           = "2010",
      pages          = "006",
      doi            = "10.1088/1475-7516/2010/01/006",
      eprint         = "0908.3192",
      archivePrefix  = "arXiv",
      primaryClass   = "hep-ph",
      reportNumber   = "MCTP-09-42",
      SLACcitation   = "%%CITATION = ARXIV:0908.3192;%%"
}

@article{Hiraide:2016ryf,
      author         = "Hiraide, Katsuki and Collaboration, On Behalf Of The
                        Xmass",
      title          = "{Recent results of direct dark matter search with XMASS}",
      booktitle      = "{Proceedings, 38th International Conference on High
                        Energy Physics (ICHEP 2016): Chicago, IL, USA, August
                        3-10, 2016}",
      collaboration  = "XMASS",
      journal        = "PoS",
      volume         = "ICHEP2016",
      year           = "2016",
      pages          = "213",
      SLACcitation   = "%%CITATION = POSCI,ICHEP2016,213;%%"
}

@article{Akerib:2012ys,
      author         = "Akerib, D. S. and others",
      title          = "{The Large Underground Xenon (LUX) Experiment}",
      collaboration  = "LUX",
      journal        = "Nucl. Instrum. Meth.",
      volume         = "A704",
      year           = "2013",
      pages          = "111-126",
      doi            = "10.1016/j.nima.2012.11.135",
      eprint         = "1211.3788",
      archivePrefix  = "arXiv",
      primaryClass   = "physics.ins-det",
      SLACcitation   = "%%CITATION = ARXIV:1211.3788;%%"
}

@article{Cao:2014jsa,
      author         = "Cao, XiGuang and others",
      title          = "{PandaX: A Liquid Xenon Dark Matter Experiment at CJPL}",
      collaboration  = "PandaX",
      journal        = "Sci. China Phys. Mech. Astron.",
      volume         = "57",
      year           = "2014",
      pages          = "1476-1494",
      doi            = "10.1007/s11433-014-5521-2",
      eprint         = "1405.2882",
      archivePrefix  = "arXiv",
      primaryClass   = "physics.ins-det",
      SLACcitation   = "%%CITATION = ARXIV:1405.2882;%%"
}


@article{Zani:2014lea,
      author         = "Zani, Andrea",
      title          = "{The WArP Experiment: A Double-Phase Argon Detector for
                        Dark Matter Searches}",
      journal        = "Adv. High Energy Phys.",
      volume         = "2014",
      year           = "2014",
      pages          = "205107",
      doi            = "10.1155/2014/205107",
      SLACcitation   = "%%CITATION = 00642,2014,205107;%%"
}

@article{Rubbia:2005ge,
      author         = "Rubbia, Andre",
      title          = "{ArDM: A Ton-scale liquid Argon experiment for direct
                        detection of dark matter in the universe}",
      booktitle      = "{TAUP 2005. Proceedings, 9th International Conference on
                        topics in astroparticle and underground physics, Zaragoza,
                        September 10, 2005}",
      journal        = "J. Phys. Conf. Ser.",
      volume         = "39",
      year           = "2006",
      pages          = "129-132",
      doi            = "10.1088/1742-6596/39/1/028",
      eprint         = "hep-ph/0510320",
      archivePrefix  = "arXiv",
      primaryClass   = "hep-ph",
      SLACcitation   = "%%CITATION = HEP-PH/0510320;%%"
}


@article{Akerib:2016mzi,
      author         = "Akerib, D. S. and others",
      title          = "{Low-energy (0.7-74 keV) nuclear recoil calibration of
                        the LUX dark matter experiment using D-D neutron
                        scattering kinematics}",
      collaboration  = "LUX",
      year           = "2016",
      eprint         = "1608.05381",
      archivePrefix  = "arXiv",
      primaryClass   = "physics.ins-det",
      SLACcitation   = "%%CITATION = ARXIV:1608.05381;%%"
}

@article{Alexander:2013hia,
      author         = "Alexander, T. and others",
      title          = "{DarkSide search for dark matter}",
      booktitle      = "{Proceedings, LIght Detection In Noble Elements
                        (LIDINE2013): Batavia, USA, May 29-31, 2013}",
      collaboration  = "DarkSide",
      journal        = "JINST",
      volume         = "8",
      year           = "2013",
      pages          = "C11021",
      doi            = "10.1088/1748-0221/8/11/C11021",
      reportNumber   = "FERMILAB-CONF-13-654-AE-E",
      SLACcitation   = "%%CITATION = JINST,8,C11021;%%"
}


%%%%%%%%%%%%%%%%%%%%%%%%%%%% Xenon Properties %%%%%%%%%%%%%%%%%%%%%%%%%%%%
@article{AGOSTINELLI2003250,
title = "Geant4 a simulation toolkit",
journal = "Nuclear Instruments and Methods in Physics Research Section A: Accelerators, Spectrometers, Detectors and Associated Equipment",
volume = "506",
number = "3",
pages = "250 - 303",
year = "2003",
note = "",
issn = "0168-9002",
doi = "http://dx.doi.org/10.1016/S0168-9002(03)01368-8",
author = "S. Agostinelli and others",
}

@article{Manzur:2009hp,
      author         = "Manzur, A. and Curioni, A. and Kastens, L. and McKinsey,
                        D. N. and Ni, K. and Wongjirad, T.",
      title          = "{Scintillation efficiency and ionization yield of liquid
                        xenon for mono-energetic nuclear recoils down to 4 keV}",
      journal        = "Phys. Rev.",
      volume         = "C81",
      year           = "2010",
      pages          = "025808",
      doi            = "10.1103/PhysRevC.81.025808",
      eprint         = "0909.1063",
      archivePrefix  = "arXiv",
      primaryClass   = "physics.ins-det",
      SLACcitation   = "%%CITATION = ARXIV:0909.1063;%%"
}

@article{Aprile:2012an,
      author         = "Aprile, E. and others",
      title          = "{Measurement of the Scintillation Yield of Low-Energy
                        Electrons in Liquid Xenon}",
      journal        = "Phys. Rev.",
      volume         = "D86",
      year           = "2012",
      pages          = "112004",
      doi            = "10.1103/PhysRevD.86.112004",
      eprint         = "1209.3658",
      archivePrefix  = "arXiv",
      primaryClass   = "astro-ph.IM",
      SLACcitation   = "%%CITATION = ARXIV:1209.3658;%%"
}

@article{Baudis:2013cca,
      author         = "Baudis, Laura and Dujmovic, Hrvoje and Geis, Christopher
                        and James, Andreas and Kish, Alexander and Manalaysay,
                        Aaron and Marrodan Undagoitia, Teresa and Schumann, Marc",
      title          = "{Response of liquid xenon to Compton electrons down to
                        1.5 keV}",
      journal        = "Phys. Rev.",
      volume         = "D87",
      year           = "2013",
      number         = "11",
      pages          = "115015",
      doi            = "10.1103/PhysRevD.87.115015",
      eprint         = "1303.6891",
      archivePrefix  = "arXiv",
      primaryClass   = "astro-ph.IM",
      SLACcitation   = "%%CITATION = ARXIV:1303.6891;%%"
}
%%%%%%%%%%%%%%%%%%%%%%%%%%%%  EFT papers %%%%%%%%%%%%%%%%%%%%%%%%%%%%%%%%%%

@article{XenonSingleElectron,
      author         = "Aprile, E. and others",
      title          = "{Observation and applications of single-electron charge
                        signals in the XENON100 experiment}",
      collaboration  = "XENON100",
      journal        = "J. Phys.",
      volume         = "G41",
      year           = "2014",
      pages          = "035201",
      doi            = "10.1088/0954-3899/41/3/035201",
      eprint         = "1311.1088",
      archivePrefix  = "arXiv",
      primaryClass   = "physics.ins-det",
      SLACcitation   = "%%CITATION = ARXIV:1311.1088;%%"
}

@article{Fitzpatrick:MathTools,
      author         = "Fitzpatrick, A. Liam and Haxton, Wick and Katz, Emanuel
                        and Lubbers, Nicholas and Xu, Yiming",
      title          = "{The Effective Field Theory of Dark Matter Direct
                        Detection}",
      journal        = "JCAP",
      volume         = "1302",
      year           = "2013",
      pages          = "004",
      doi            = "10.1088/1475-7516/2013/02/004",
      eprint         = "1203.3542",
      archivePrefix  = "arXiv",
      primaryClass   = "hep-ph",
      SLACcitation   = "%%CITATION = ARXIV:1203.3542;%%"
}

@article{Anand:MathTools,
      author         = "Anand, Nikhil and Fitzpatrick, A. Liam and Haxton, W. C.",
      title          = "{Weakly interacting massive particle-nucleus elastic
                        scattering response}",
      journal        = "Phys. Rev.",
      volume         = "C89",
      year           = "2014",
      number         = "6",
      pages          = "065501",
      doi            = "10.1103/PhysRevC.89.065501",
      eprint         = "1308.6288",
      archivePrefix  = "arXiv",
      primaryClass   = "hep-ph",
      SLACcitation   = "%%CITATION = ARXIV:1308.6288;%%"
}

@article{Fitzpatrick:2012ib,
      author         = "Fitzpatrick, A. Liam and Haxton, Wick and Katz, Emanuel
                        and Lubbers, Nicholas and Xu, Yiming",
      title          = "{Model Independent Direct Detection Analyses}",
      year           = "2012",
      eprint         = "1211.2818",
      archivePrefix  = "arXiv",
      primaryClass   = "hep-ph",
      SLACcitation   = "%%CITATION = ARXIV:1211.2818;%%"
}


@article{InelasticReview,
      author         = "Bramante, Joseph and Fox, Patrick J. and Kribs, Graham D.
                        and Martin, Adam",
      title          = "{Inelastic frontier: Discovering dark matter at high
                        recoil energy}",
      journal        = "Phys. Rev.",
      volume         = "D94",
      year           = "2016",
      number         = "11",
      pages          = "115026",
      doi            = "10.1103/PhysRevD.94.115026",
      eprint         = "1608.02662",
      archivePrefix  = "arXiv",
      primaryClass   = "hep-ph",
      reportNumber   = "FERMILAB-PUB-16-301-T",
      SLACcitation   = "%%CITATION = ARXIV:1608.02662;%%"
}

@article{InelasticMath,
      author         = "Barello, G. and Chang, Spencer and Newby, Christopher A.",
      title          = "{A Model Independent Approach to Inelastic Dark Matter
                        Scattering}",
      journal        = "Phys. Rev.",
      volume         = "D90",
      year           = "2014",
      number         = "9",
      pages          = "094027",
      doi            = "10.1103/PhysRevD.90.094027",
      eprint         = "1409.0536",
      archivePrefix  = "arXiv",
      primaryClass   = "hep-ph",
      SLACcitation   = "%%CITATION = ARXIV:1409.0536;%%"
}

@article{CDMSEFT,
      author         = "Schneck, K. and others",
      title          = "{Dark matter effective field theory scattering in direct
                        detection experiments}",
      collaboration  = "SuperCDMS",
      journal        = "Phys. Rev.",
      volume         = "D91",
      year           = "2015",
      number         = "9",
      pages          = "092004",
      doi            = "10.1103/PhysRevD.91.092004",
      eprint         = "1503.03379",
      archivePrefix  = "arXiv",
      primaryClass   = "astro-ph.CO",
      reportNumber   = "IPPP-15-06, DCTP-15-12, FERMILAB-PUB-15-393-AE",
      SLACcitation   = "%%CITATION = ARXIV:1503.03379;%%"
}
%%%%%%%%%%%%%%%%%%%%%%%%%%%%%%%%%%%%%%%%%%%%%%%%%%%%%%%%%%%%%%%%%%%% Inelastic WIMP Results%%%%%%%%%%%%%%%%%%%%%%%%%%%%%%%%%%%%%%%%%%%%%%%%%%%

@article{Zepplin_Inel,
      author         = "Akimov, D. {\relax Yu}. and others",
      title          = "{Limits on inelastic dark matter from ZEPLIN-III}",
      collaboration  = "ZEPLIN-III",
      journal        = "Phys. Lett.",
      volume         = "B692",
      year           = "2010",
      pages          = "180-183",
      doi            = "10.1016/j.physletb.2010.07.042",
      eprint         = "1003.5626",
      archivePrefix  = "arXiv",
      primaryClass   = "hep-ex",
      SLACcitation   = "%%CITATION = ARXIV:1003.5626;%%"
}

@article{CDMS_Inelastic,
      author         = "Ahmed, Z. and others",
      title          = "{Dark Matter Search Results from the CDMS II Experiment}",
      collaboration  = "CDMS-II",
      journal        = "Science",
      volume         = "327",
      year           = "2010",
      pages          = "1619-1621",
      doi            = "10.1126/science.1186112",
      eprint         = "0912.3592",
      archivePrefix  = "arXiv",
      primaryClass   = "astro-ph.CO",
      reportNumber   = "FERMILAB-PUB-09-637-AE",
      SLACcitation   = "%%CITATION = ARXIV:0912.3592;%%"
}


%%%%%%%%%%%%%%%%%%%%%%%%%%%%%%%%%%%%%%%%%%%%%%%%%%%%%%%%%%%%%%%%%%%% Xenon papers %%%%%%%%%%%%%%%%%%%%%%%%%%%%%%%%%%%%%%%%%%%%%%%%%%%%%%%%%%%%
@article{Aprile:2017aas,
      author         = "Aprile, E. and others",
      title          = "{Effective field theory search for high-energy nuclear
                        recoils using the XENON100 dark matter detector}",
      collaboration  = "XENON",
      year           = "2017",
      eprint         = "1705.02614",
      archivePrefix  = "arXiv",
      primaryClass   = "astro-ph.CO",
      SLACcitation   = "%%CITATION = ARXIV:1705.02614;%%"
}
@article{Aprile:2017aty,
      author         = "Aprile, E. and others",
      title          = "{The XENON1T Dark Matter Experiment}",
      collaboration  = "XENON",
      year           = "2017",
      eprint         = "1708.07051",
      archivePrefix  = "arXiv",
      primaryClass   = "astro-ph.IM",
      SLACcitation   = "%%CITATION = ARXIV:1708.07051;%%"
}

@article{Xenon1TResults,
      author         = "Aprile, E. and others",
      title          = "{First Dark Matter Search Results from the XENON1T
                        Experiment}",
      collaboration  = "XENON",
      year           = "2017",
      eprint         = "1705.06655",
      archivePrefix  = "arXiv",
      primaryClass   = "astro-ph.CO",
      SLACcitation   = "%%CITATION = ARXIV:1705.06655;%%"
}


@article{XENON_Inelastic_WIMP,
      author         = "Aprile, E. and others",
      title          = "{Implications on Inelastic Dark Matter from 100 Live Days
                        of XENON100 Data}",
      collaboration  = "XENON100",
      journal        = "Phys. Rev.",
      volume         = "D84",
      year           = "2011",
      pages          = "061101",
      doi            = "10.1103/PhysRevD.84.061101",
      eprint         = "1104.3121",
      archivePrefix  = "arXiv",
      primaryClass   = "astro-ph.CO",
      SLACcitation   = "%%CITATION = ARXIV:1104.3121;%%"
}


@article{DataMCXenon,
      author         = "Aprile, E. and others",
      title          = "{Response of the XENON100 Dark Matter Detector to Nuclear
                        Recoils}",
      collaboration  = "XENON100",
      journal        = "Phys. Rev.",
      volume         = "D88",
      year           = "2013",
      pages          = "012006",
      doi            = "10.1103/PhysRevD.88.012006",
      eprint         = "1304.1427",
      archivePrefix  = "arXiv",
      primaryClass   = "astro-ph.IM",
      SLACcitation   = "%%CITATION = ARXIV:1304.1427;%%"
}


@article{xe100_instr2012,
      author         = "Aprile, E. and others",
      title          = "{The XENON100 Dark Matter Experiment}",
      collaboration  = "XENON100",
      journal        = "Astropart. Phys.",
      volume         = "35",
      year           = "2012",
      pages          = "573-590",
      doi            = "10.1016/j.astropartphys.2012.01.003",
      eprint         = "1107.2155",
      archivePrefix  = "arXiv",
      primaryClass   = "astro-ph.IM",
      SLACcitation   = "%%CITATION = ARXIV:1107.2155;%%"
}


@article{Aprile:2013tov,
      author         = "Aprile, E. and others",
      title          = "{The neutron background of the XENON100 dark matter
                        search experiment}",
      collaboration  = "XENON100",
      journal        = "J. Phys.",
      volume         = "G40",
      year           = "2013",
      pages          = "115201",
      doi            = "10.1088/0954-3899/40/11/115201",
      eprint         = "1306.2303",
      archivePrefix  = "arXiv",
      primaryClass   = "astro-ph.IM",
      SLACcitation   = "%%CITATION = ARXIV:1306.2303;%%"
}




@article{Aprile:2012vw,
      author         = "Aprile, E. and others",
      title          = "{Analysis of the XENON100 Dark Matter Search Data}",
      collaboration  = "XENON100",
      journal        = "Astropart. Phys.",
      volume         = "54",
      year           = "2014",
      pages          = "11-24",
      doi            = "10.1016/j.astropartphys.2013.10.002",
      eprint         = "1207.3458",
      archivePrefix  = "arXiv",
      primaryClass   = "astro-ph.IM",
      SLACcitation   = "%%CITATION = ARXIV:1207.3458;%%"
}

@article{run8Result,
      author         = "Aprile, E. and others",
      title          = "{Dark Matter Results from 100 Live Days of XENON100
                        Data}",
      collaboration  = "XENON100",
      journal        = "Phys. Rev. Lett.",
      volume         = "107",
      year           = "2011",
      pages          = "131302",
      doi            = "10.1103/PhysRevLett.107.131302",
      eprint         = "1104.2549",
      archivePrefix  = "arXiv",
      primaryClass   = "astro-ph.CO",
      SLACcitation   = "%%CITATION = ARXIV:1104.2549;%%"
}

@article{xe100_run10_si,
      author         = "Aprile, E. and others",
      title          = "{Dark Matter Results from 225 Live Days of XENON100
                        Data}",
      collaboration  = "XENON100",
      journal        = "Phys. Rev. Lett.",
      volume         = "109",
      year           = "2012",
      pages          = "181301",
      doi            = "10.1103/PhysRevLett.109.181301",
      eprint         = "1207.5988",
      archivePrefix  = "arXiv",
      primaryClass   = "astro-ph.CO",
      SLACcitation   = "%%CITATION = ARXIV:1207.5988;%%"
}


@article{xe100_run_combination,
      author         = "Aprile, E. and others",
      title          = "{XENON100 Dark Matter Results from a Combination of 477
                        Live Days}",
      collaboration  = "XENON100",
      journal        = "Phys. Rev.",
      volume         = "D94",
      year           = "2016",
      number         = "12",
      pages          = "122001",
      doi            = "10.1103/PhysRevD.94.122001",
      eprint         = "1609.06154",
      archivePrefix  = "arXiv",
      primaryClass   = "astro-ph.CO",
      SLACcitation   = "%%CITATION = ARXIV:1609.06154;%%"
}

@article{xe100_run10_sd,
  title={Limits on spin-dependent WIMP-nucleon cross sections from 225 live days of XENON100 data},
  Author = {E. Aprile and others},
  collaboration = {XENON100 collaboration },
  journal={Physical review letters},
  volume={111},
  number={2},
  pages={021301},
  year={2013},
  publisher={APS}
}

@article{Angle:2007uj,
      author         = "Angle, J. and others",
      title          = "{First Results from the XENON10 Dark Matter Experiment at
                        the Gran Sasso National Laboratory}",
      collaboration  = "XENON",
      journal        = "Phys. Rev. Lett.",
      volume         = "100",
      year           = "2008",
      pages          = "021303",
      doi            = "10.1103/PhysRevLett.100.021303",
      eprint         = "0706.0039",
      archivePrefix  = "arXiv",
      primaryClass   = "astro-ph",
      SLACcitation   = "%%CITATION = ARXIV:0706.0039;%%"
}

%%%%%%%%%%%%%%%%%%%%%%%%%%%%%%%%  STAT %%%%%%%%%%%%%%%%%%%%%%%%%%%%%%%

@article{asympt,
      author         = "Cowan, Glen and Cranmer, Kyle and Gross, Eilam and
                        Vitells, Ofer",
      title          = "{Asymptotic formulae for likelihood-based tests of new
                        physics}",
      journal        = "Eur. Phys. J.",
      volume         = "C71",
      year           = "2011",
      pages          = "1554",
      doi            = "10.1140/epjc/s10052-011-1554-0,
                        10.1140/epjc/s10052-013-2501-z",
      note           = "[Erratum: Eur. Phys. J.C73,2501(2013)]",
      eprint         = "1007.1727",
      archivePrefix  = "arXiv",
      primaryClass   = "physics.data-an",
      SLACcitation   = "%%CITATION = ARXIV:1007.1727;%%"
}

@inproceedings{cls,
      author         = "Read, Alexander L.",
      title          = "{Modified frequentist analysis of search results (The
                        CL(s) method)}",
      booktitle      = "{Workshop on confidence limits, CERN, Geneva,
                        Switzerland, 17-18 Jan 2000: Proceedings}",
      url            = "http://weblib.cern.ch/abstract?CERN-OPEN-2000-205",
      year           = "2000",
      pages          = "81-101",
      reportNumber   = "CERN-OPEN-2000-205",
      SLACcitation   = "%%CITATION = CERN-OPEN-2000-205;%%"
}

@article{Aprile:2011hx,
      author         = "Aprile, E. and others",
      title          = "{Likelihood Approach to the First Dark Matter Results
                        from XENON100}",
      collaboration  = "XENON100",
      journal        = "Phys. Rev.",
      volume         = "D84",
      year           = "2011",
      pages          = "052003",
      doi            = "10.1103/PhysRevD.84.052003",
      eprint         = "1103.0303",
      archivePrefix  = "arXiv",
      primaryClass   = "hep-ex",
      SLACcitation   = "%%CITATION = ARXIV:1103.0303;%%"
}


@article{Aprile:2009dv,
      author         = "Aprile, E. and Doke, T.",
      title          = "{Liquid Xenon Detectors for Particle Physics and
                        Astrophysics}",
      journal        = "Rev. Mod. Phys.",
      volume         = "82",
      year           = "2010",
      pages          = "2053-2097",
      doi            = "10.1103/RevModPhys.82.2053",
      eprint         = "0910.4956",
      archivePrefix  = "arXiv",
      primaryClass   = "physics.ins-det",
      SLACcitation   = "%%CITATION = ARXIV:0910.4956;%%"
}

@article{Giboni:2014hia,
      author         = "Giboni, K. L. and Ji, X. and Lin, H. and Tan, A. and Ye,
                        T. and Zhang, Y. and Zhao, L.",
      title          = "{A liquid xenon development and test system}",
      journal        = "JINST",
      volume         = "9",
      year           = "2014",
      pages          = "T04006",
      doi            = "10.1088/1748-0221/9/04/T04006",
      SLACcitation   = "%%CITATION = JINST,9,T04006;%%"
}

@article{Aprile:2016pmc,
      author         = "Aprile, E. and others",
      title          = "{Results from a Calibration of XENON100 Using a Source of
                        Dissolved Radon-220}",
      collaboration  = "XENON",
      journal        = "Phys. Rev.",
      volume         = "D95",
      year           = "2017",
      number         = "7",
      pages          = "072008",
      doi            = "10.1103/PhysRevD.95.072008",
      eprint         = "1611.03585",
      archivePrefix  = "arXiv",
      primaryClass   = "physics.ins-det",
      SLACcitation   = "%%CITATION = ARXIV:1611.03585;%%"
}
@phdthesis{MaorThesis,
  author       = {Shutman Maor}, 
  title        = {Optical Chamber for a Novel Liquid Xenon Experiment},
  school       = {Weizmann Institute of Science},
  year         = 2015,
}
@article{Akerib:2015wdi,
      author         = "Akerib, D. S. and others",
      title          = "{Tritium calibration of the LUX dark matter experiment}",
      collaboration  = "LUX",
      journal        = "Phys. Rev.",
      volume         = "D93",
      year           = "2016",
      number         = "7",
      pages          = "072009",
      doi            = "10.1103/PhysRevD.93.072009",
      eprint         = "1512.03133",
      archivePrefix  = "arXiv",
      primaryClass   = "physics.ins-det",
      SLACcitation   = "%%CITATION = ARXIV:1512.03133;%%"
}

%%%%%%%%%%%%%%%%%%%%%%%%%%%  Superradiance     %%%%%%%%%%%%%%%%%%%%%%%%%%%%%%%%%%%%%%%%%%%%%%%%%%%%%%%%%%%%%%%%%%%%%%%%

@ARTICLE{FirstMeasure,
   author = {{Rosenberger}, D.},
    title = "{Superstrahlung in gepulsten argon-, krypton und xenon-entladungen}",
  journal = {Physics Letters},
     year = 1965,
    month = jan,
   volume = 14,
    pages = {32-32},
      doi = {10.1016/0031-9163(65)91037-1},
   adsurl = {http://adsabs.harvard.edu/abs/1965PhL....14...32R},
  adsnote = {Provided by the SAO/NASA Astrophysics Data System}
}


@article{DickeSR,
  title = {Coherence in Spontaneous Radiation Processes},
  author = {Dicke, R. H.},
  journal = {Phys. Rev.},
  volume = {93},
  issue = {1},
  pages = {99--110},
  numpages = {0},
  year = {1954},
  month = {Jan},
  publisher = {American Physical Society},
  doi = {10.1103/PhysRev.93.99},
  url = {http://link.aps.org/doi/10.1103/PhysRev.93.99}
}

@article{BasovSRTheory,
  author={N G Basov and V A Danilychev and Yurii M Popov},
  title={Stimulated emission in the vacuum ultraviolet region},
  journal={Soviet Journal of Quantum Electronics},
  volume={1},
  number={1},
  pages={18},
  url={http://stacks.iop.org/0049-1748/1/i=1/a=A03},
  year={1971},
  
}

@article{MiesSRExp,
author = { Frederick H.   Mies },
title = {Stimulated emission and population inversion in diatomic bound-continuum transitions},
journal = {Molecular Physics},
volume = {26},
number = {5},
pages = {1233-1246},
year = {1973},
doi = {10.1080/00268977300102431}
}
	




%%%%%%%%%%%%%%%%%%%%%%%%%%%  Came with package %%%%%%%%%%%%%%%%%%%%%%%%%%%%%%%%%%%%%%%%%%%%%%%%%%%%%%%%%%%%%%%%%%%%%%%5
@book{griersonRH,
	Author = {C. Grierson and J. Schiefelbein},
	Date-Added = {2012-09-27 13:06:21 +0100},
	Date-Modified = {2012-09-27 13:06:21 +0100},
	Publisher = {American Society of Plant Biologist},
	Title = {The Arabidopsis Book},
	Year = {2002}}

@article{mjones01,
	Author = {M. Jones and N. Smirnoff},
	Date-Added = {2012-09-27 13:06:21 +0100},
	Date-Modified = {2012-09-27 13:06:21 +0100},
	Journal = {J. of Exp. Bot.},
	Number = {15},
	Pages = {4269--4275},
	Title = {Nuclear dynamics during the simultaneous and sustained tip growth of multiple root hairs arising from a single root epidermal cell},
	Volume = {57},
	Year = {2006}}

@article{massuci01,
	Author = {J. D. Masucci and J. W. Schiefelbein},
	Date-Added = {2012-09-19 08:40:38 +0100},
	Date-Modified = {2012-09-25 20:03:04 +0100},
	Journal = {Plant. Physiol.},
	Pages = {1335-1346},
	Title = {The rhd6 Mutation of Arabidopsis thaliana Alters Root-Hair Initiation trhough an Auxin- and Ethylene-Associated Process},
	Volume = {106},
	Year = {1994}}

@article{payne01,
	Author = {R.J.H. Payne and C.S. Grierson},
	Date-Added = {2011-06-09 15:48:34 +0100},
	Date-Modified = {2012-03-05 18:44:58 +0100},
	Journal = {PLoS ONE},
	Number = {12},
	Pages = {e8337. doi:10.1371/journal.pone.0008337},
	Title = {A theoretical model for ROP localisation by auxin in arabidopsis root hair cells},
	Volume = {4},
	Year = {2009}}

@article{rigas01,
	Author = {S. Rigas and G. Debrosses and K. Haralampidis and F. Vicente-Angulo and K. A. Feldman and A. Grabov and L. Dolan and P. Hatzpoulos},
	Date-Added = {2012-09-19 08:28:34 +0100},
	Date-Modified = {2012-09-19 08:30:59 +0100},
	Journal = {The Plant Cell},
	Pages = {139--151},
	Title = {TRH1 Encondes a Potassium Transporter REquired for Tip Growth in Arabidopsis Root Hairs},
	Volume = {13},
	Year = {2001}}
